<?xml version="1.0" encoding="UTF-8"?><record xmlns="http://www.loc.gov/MARC21/slim" xmlns:cinclude="http://apache.org/cocoon/include/1.0" xmlns:zs="http://www.loc.gov/zing/srw/">
  <leader>00500nz  a2200145n  4500</leader>
  <controlfield tag="001">no2003005973</controlfield>
  <controlfield tag="003">DLC</controlfield>
  <controlfield tag="005">20030122053116.0</controlfield>
  <controlfield tag="008">030121n| acannaabn          |n aaa     c</controlfield>
  <datafield tag="010" ind1=" " ind2=" ">
    <subfield code="a">no2003005973</subfield>
  </datafield>
  <datafield tag="035" ind1=" " ind2=" ">
    <subfield code="a">(OCoLC)oca05954697</subfield>
  </datafield>
  <datafield tag="040" ind1=" " ind2=" ">
    <subfield code="a">DHMM</subfield>
    <subfield code="b">eng</subfield>
    <subfield code="c">DHMM</subfield>
  </datafield>
  <datafield tag="100" ind1="1" ind2=" ">
    <subfield code="a">Owen, Markus</subfield>
  </datafield>
  <datafield tag="670" ind1=" " ind2=" ">
    <subfield code="a">The political economy of the German reparations question and the hyperinflation, 1992:</subfield>
    <subfield code="b">t.p. (Markus Owen) cover (Owen, Markus Dell)</subfield>
  </datafield>
  <datafield tag="670" ind1=" " ind2=" ">
    <subfield code="a">OCLC, 27 Dec. 2002</subfield>
    <subfield code="b">(hdg.: Owen, Markus; usage: Markus Owen)</subfield>
  </datafield>
</record>